%% This BibTeX bibliography file was created using BibDesk.
%% https://bibdesk.sourceforge.io/

%% Created for Vincent Liu at 2019-07-03 22:18:55 +0800 


%% Saved with string encoding Unicode (UTF-8) 



@article{NOI,
	Author = {Mahdian, Babak and Saic, Stanislav},
	Date-Added = {2019-07-03 21:32:51 +0800},
	Date-Modified = {2019-07-03 21:32:51 +0800},
	Journal = {Image and Vision Computing},
	Number = {10},
	Pages = {1497--1503},
	Publisher = {Elsevier},
	Title = {Using noise inconsistencies for blind image forensics},
	Volume = {27},
	Year = {2009}}

@inproceedings{huh2018fighting,
	Author = {Huh, Minyoung and Liu, Andrew and Owens, Andrew and Efros, Alexei A},
	Booktitle = {Proceedings of the European Conference on Computer Vision (ECCV)},
	Date-Added = {2019-07-03 21:32:51 +0800},
	Date-Modified = {2019-07-03 21:32:51 +0800},
	Pages = {101--117},
	Title = {Fighting fake news: Image splice detection via learned self-consistency},
	Year = {2018}}

@inproceedings{rgb-n,
	Author = {Zhou, Peng and Han, Xintong and Morariu, Vlad I and Davis, Larry S},
	Booktitle = {Proceedings of the IEEE Conference on Computer Vision and Pattern Recognition (CVPR)},
	Date-Added = {2019-07-03 21:32:51 +0800},
	Date-Modified = {2019-07-03 21:32:51 +0800},
	Title = {Learning Rich Features for Image Manipulation Detection},
	Year = {2018}}

@article{mfcn,
	Author = {Salloum, Ronald and Ren, Yuzhuo and Kuo, C-C Jay},
	Date-Added = {2019-07-03 21:32:51 +0800},
	Date-Modified = {2019-07-03 21:32:51 +0800},
	Journal = {Journal of Visual Communication and Image Representation},
	Pages = {201--209},
	Publisher = {Elsevier},
	Title = {Image Splicing Localization Using A Multi-Task Fully Convolutional Network (MFCN)},
	Volume = {51},
	Year = {2018}}

@article{columbia,
	Author = {Ng, Tian-Tsong and Chang, Shih-Fu and Sun, Q},
	Date-Added = {2019-07-03 21:32:51 +0800},
	Date-Modified = {2019-07-03 21:32:51 +0800},
	Journal = {Columbia University, ADVENT Technical Report},
	Pages = {203--2004},
	Title = {A data set of authentic and spliced image blocks},
	Year = {2004}}

@inproceedings{rt,
	Author = {Korus, Pawe{\l} and Huang, Jiwu},
	Booktitle = {Information Forensics and Security (WIFS), 2016 IEEE International Workshop on},
	Date-Added = {2019-07-03 21:32:51 +0800},
	Date-Modified = {2019-07-03 21:32:51 +0800},
	Organization = {IEEE},
	Pages = {1--6},
	Title = {Evaluation of random field models in multi-modal unsupervised tampering localization},
	Year = {2016}}

@article{NADQ,
	Author = {Bianchi, Tiziano and Piva, Alessandro},
	Date-Added = {2019-07-03 21:32:51 +0800},
	Date-Modified = {2019-07-03 21:32:51 +0800},
	Journal = {IEEE Transactions on Information Forensics and Security},
	Number = {3},
	Pages = {1003--1017},
	Publisher = {IEEE},
	Title = {Image forgery localization via block-grained analysis of JPEG artifacts},
	Volume = {7},
	Year = {2012}}

@article{ADQ1,
	Author = {Lin, Zhouchen and He, Junfeng and Tang, Xiaoou and Tang, Chi-Keung},
	Date-Added = {2019-07-03 21:32:51 +0800},
	Date-Modified = {2019-07-03 21:32:51 +0800},
	Journal = {Pattern Recognition},
	Number = {11},
	Pages = {2492--2501},
	Publisher = {Elsevier},
	Title = {Fast, automatic and fine-grained tampered JPEG image detection via DCT coefficient analysis},
	Volume = {42},
	Year = {2009}}

@article{jpeg_cnn_1,
	Author = {Li, Bin and Luo, Hu and Zhang, Haoxin and Tan, Shunquan and Ji, Zhongzhou},
	Date-Added = {2019-07-03 21:32:51 +0800},
	Date-Modified = {2019-07-03 21:32:51 +0800},
	Journal = {arXiv preprint arXiv:1710.05477},
	Title = {A multi-branch convolutional neural network for detecting double JPEG compression},
	Year = {2017}}

@article{jpeg_cnn_2,
	Author = {Wang, Qing and Zhang, Rong},
	Date-Added = {2019-07-03 21:32:51 +0800},
	Date-Modified = {2019-07-03 21:32:51 +0800},
	Journal = {EURASIP Journal on Information Security},
	Number = {1},
	Pages = {23},
	Publisher = {Nature Publishing Group},
	Title = {Double JPEG compression forensics based on a convolutional neural network},
	Volume = {2016},
	Year = {2016}}

@inproceedings{jpeg_cnn_3,
	Author = {Amerini, Irene and Uricchio, Tiberio and Ballan, Lamberto and Caldelli, Roberto},
	Booktitle = {Proc. of IEEE CVPR Workshop on Media Forensics},
	Date-Added = {2019-07-03 21:32:51 +0800},
	Date-Modified = {2019-07-03 21:32:51 +0800},
	Title = {Localization of jpeg double compression through multi-domain convolutional neural networks},
	Year = {2017}}

@article{Lyu,
	Author = {Lyu, Siwei and Pan, Xunyu and Zhang, Xing},
	Date-Added = {2019-07-03 21:32:51 +0800},
	Date-Modified = {2019-07-03 21:32:51 +0800},
	Doi = {10.1007/s11263-013-0688-y},
	Issn = {1573-1405},
	Journal = {International Journal of Computer Vision},
	Number = {2},
	Pages = {202-221},
	Title = {Exposing Region Splicing Forgeries with Blind Local Noise Estimation},
	Type = {Journal Article},
	Volume = {110},
	Year = {2013},
	Bdsk-Url-1 = {https://doi.org/10.1007/s11263-013-0688-y}}

@article{noiseprint,
	Author = {Cozzolino, Davide and Verdoliva, Luisa},
	Date-Added = {2019-07-03 21:32:51 +0800},
	Date-Modified = {2019-07-03 21:32:51 +0800},
	Journal = {arXiv preprint arXiv:1808.08396},
	Title = {Noiseprint: a CNN-based camera model fingerprint},
	Year = {2018}}

@article{lens,
	Author = {Fu, H. and Cao, X.},
	Date-Added = {2019-07-03 21:32:51 +0800},
	Date-Modified = {2019-07-03 21:32:51 +0800},
	Doi = {10.1109/TIFS.2012.2195492},
	Issn = {1556-6013},
	Journal = {IEEE Transactions on Information Forensics and Security},
	Number = {4},
	Pages = {1301-1314},
	Title = {Forgery Authentication in Extreme Wide-Angle Lens Using Distortion Cue and Fake Saliency Map},
	Type = {Journal Article},
	Volume = {7},
	Year = {2012},
	Bdsk-Url-1 = {https://doi.org/10.1109/TIFS.2012.2195492}}

@article{shadow,
	Author = {Liu, Q. and Cao, X. and Deng, C. and Guo, X.},
	Date-Added = {2019-07-03 21:32:51 +0800},
	Date-Modified = {2019-07-03 21:32:51 +0800},
	Doi = {10.1109/TIFS.2011.2139209},
	Issn = {1556-6013},
	Journal = {IEEE Transactions on Information Forensics and Security},
	Number = {3},
	Pages = {1111-1122},
	Title = {Identifying Image Composites Through Shadow Matte Consistency},
	Type = {Journal Article},
	Volume = {6},
	Year = {2011},
	Bdsk-Url-1 = {https://doi.org/10.1109/TIFS.2011.2139209}}

@inproceedings{densenet,
	Author = {Huang, Gao and Liu, Zhuang and van der Maaten, Laurens and Weinberger, Kilian Q},
	Booktitle = {Proceedings of the IEEE Conference on Computer Vision and Pattern Recognition (CVPR)},
	Date-Added = {2019-07-03 21:32:51 +0800},
	Date-Modified = {2019-07-03 21:32:51 +0800},
	Title = {Densely connected convolutional networks},
	Year = {2017}}

@article{mnist,
	Added-At = {2010-06-28T21:16:30.000+0200},
	Author = {LeCun, Yann and Cortes, Corinna},
	Biburl = {https://www.bibsonomy.org/bibtex/2935bad99fa1f65e03c25b315aa3c1032/mhwombat},
	Date-Added = {2019-07-03 21:32:51 +0800},
	Date-Modified = {2019-07-03 21:32:51 +0800},
	Groups = {public},
	Howpublished = {http://yann.lecun.com/exdb/mnist/},
	Interhash = {21b9d0558bd66279df9452562df6e6f3},
	Intrahash = {935bad99fa1f65e03c25b315aa3c1032},
	Keywords = {MSc _checked character_recognition mnist network neural},
	Lastchecked = {2016-01-14 14:24:11},
	Timestamp = {2016-07-12T19:25:30.000+0200},
	Title = {{MNIST} handwritten digit database},
	Url = {http://yann.lecun.com/exdb/mnist/},
	Username = {mhwombat},
	Year = 2010,
	Bdsk-Url-1 = {http://yann.lecun.com/exdb/mnist/}}

@inproceedings{cfa2,
	Author = {A. E. {Dirik} and N. {Memon}},
	Booktitle = {2009 16th IEEE International Conference on Image Processing (ICIP)},
	Date-Added = {2019-07-03 21:32:51 +0800},
	Date-Modified = {2019-07-03 21:32:51 +0800},
	Doi = {10.1109/ICIP.2009.5414611},
	Issn = {1522-4880},
	Month = {Nov},
	Pages = {1497-1500},
	Title = {Image tamper detection based on demosaicing artifacts},
	Year = {2009},
	Bdsk-Url-1 = {https://doi.org/10.1109/ICIP.2009.5414611}}

@article{CAGI,
	Author = {Iakovidou, Chryssanthi and Zampoglou, Markos and Papadopoulos, Symeon and Kompatsiaris, Yiannis},
	Date-Added = {2019-07-03 21:32:51 +0800},
	Date-Modified = {2019-07-03 21:32:51 +0800},
	Journal = {Journal of Visual Communication and Image Representation},
	Pages = {155--170},
	Publisher = {Elsevier},
	Title = {Content-aware detection of JPEG grid inconsistencies for intuitive image forensics},
	Volume = {54},
	Year = {2018}}

@article{zampoglou2017large,
	Author = {Zampoglou, Markos and Papadopoulos, Symeon and Kompatsiaris, Yiannis},
	Date-Added = {2019-07-03 21:32:51 +0800},
	Date-Modified = {2019-07-03 21:32:51 +0800},
	Journal = {Multimedia Tools and Applications},
	Number = {4},
	Pages = {4801--4834},
	Publisher = {Springer},
	Title = {Large-scale evaluation of splicing localization algorithms for web images},
	Volume = {76},
	Year = {2017}}

@article{vgg,
	Author = {Simonyan, Karen and Zisserman, Andrew},
	Date-Added = {2019-07-03 21:32:51 +0800},
	Date-Modified = {2019-07-03 21:32:51 +0800},
	Journal = {arXiv preprint arXiv:1409.1556},
	Title = {Very deep convolutional networks for large-scale image recognition},
	Year = {2014}}

@inproceedings{resnet,
	Author = {He, Kaiming and Zhang, Xiangyu and Ren, Shaoqing and Sun, Jian},
	Booktitle = {Proceedings of the IEEE conference on computer vision and pattern recognition},
	Date-Added = {2019-07-03 21:32:51 +0800},
	Date-Modified = {2019-07-03 21:32:51 +0800},
	Pages = {770--778},
	Title = {Deep residual learning for image recognition},
	Year = {2016}}

@inproceedings{liu2018deep,
	Author = {Liu, Bo and Pun, Chi-Man},
	Booktitle = {Proceedings of the European Conference on Computer Vision (ECCV)},
	Date-Added = {2019-07-03 21:32:51 +0800},
	Date-Modified = {2019-07-03 21:32:51 +0800},
	Title = {Deep fusion network for splicing forgery localization},
	Year = {2018}}

@article{liu2018locating,
	Author = {Liu, Bo and Pun, Chi-Man},
	Date-Added = {2019-07-03 21:32:51 +0800},
	Date-Modified = {2019-07-03 21:32:51 +0800},
	Journal = {Signal Processing: Image Communication},
	Pages = {103--112},
	Publisher = {Elsevier},
	Title = {Locating splicing forgery by fully convolutional networks and conditional random field},
	Volume = {66},
	Year = {2018}}

@inproceedings{RN134,
	Author = {Uss, M. and Vozel, B. and Lukin, V. and Baryshev, I. and Chehdi, K.},
	Booktitle = {Acoustics, Speech and Signal Processing (ICASSP), 2011 IEEE International Conference on},
	Date-Added = {2019-07-03 21:32:51 +0800},
	Date-Modified = {2019-07-03 21:32:51 +0800},
	Isbn = {1520-6149},
	Pages = {961-964},
	Title = {Image noise-informative map for noise standard deviation estimation},
	Type = {Conference Proceedings},
	Year = {2011}}

@article{RN41,
	Author = {Qureshi, Muhammad Ali and Deriche, Mohamed},
	Date-Added = {2019-07-03 21:32:51 +0800},
	Date-Modified = {2019-07-03 21:32:51 +0800},
	Issn = {0923-5965},
	Journal = {Signal Processing: Image Communication},
	Pages = {46-74},
	Title = {A bibliography of pixel-based blind image forgery detection techniques},
	Type = {Journal Article},
	Volume = {39, Part A},
	Year = {2015}}

@article{is1,
	Author = {Ferdinando Di Martino and Salvatore Sessa},
	Date-Added = {2019-07-03 21:32:51 +0800},
	Date-Modified = {2019-07-03 21:32:51 +0800},
	Issn = {0020-0255},
	Journal = {Information Sciences},
	Number = {Supplement C},
	Pages = {62 - 90},
	Title = {Fragile watermarking tamper detection with images compressed by fuzzy transform},
	Volume = {195},
	Year = {2012}}

@article{is2,
	Author = {Chuan Qin and Huili Wang and Xinpeng Zhang and Xingming Sun},
	Date-Added = {2019-07-03 21:32:51 +0800},
	Date-Modified = {2019-07-03 21:32:51 +0800},
	Issn = {0020-0255},
	Journal = {Information Sciences},
	Number = {Supplement C},
	Pages = {233 - 250},
	Title = {Self-embedding fragile watermarking based on reference-data interleaving and adaptive selection of embedding mode},
	Volume = {373},
	Year = {2016}}

@article{he2012,
	Author = {Zhongwei He and Wei Lu and Wei Sun and Jiwu Huang},
	Date-Added = {2019-07-03 21:32:51 +0800},
	Date-Modified = {2019-07-03 21:32:51 +0800},
	Issn = {0031-3203},
	Journal = {Pattern Recognition},
	Number = {12},
	Pages = {4292 - 4299},
	Title = {Digital image splicing detection based on Markov features in DCT and DWT domain},
	Volume = {45},
	Year = {2012}}

@article{liu2017,
	Author = {Qingzhong Liu},
	Date-Added = {2019-07-03 21:32:51 +0800},
	Date-Modified = {2019-07-03 21:32:51 +0800},
	Issn = {0031-3203},
	Journal = {Pattern Recognition},
	Pages = {35 - 46},
	Title = {An approach to detecting JPEG down-recompression and seam carving forgery under recompression anti-forensics},
	Volume = {65},
	Year = {2017}}

@article{BHARDWAJ2018155,
	Author = {Dinesh Bhardwaj and Vinod Pankajakshan},
	Date-Added = {2019-07-03 21:32:51 +0800},
	Date-Modified = {2019-07-03 21:32:51 +0800},
	Issn = {0923-5965},
	Journal = {Signal Processing: Image Communication},
	Keywords = {Blocking artifacts, Image forensics, JPEG compression},
	Pages = {155 - 161},
	Title = {A JPEG blocking artifact detector for image forensics},
	Volume = {68},
	Year = {2018}}

@article{SUN2018149,
	Author = {Jee-Young Sun and Seung-Wook Kim and Sang-Won Lee and Sung-Jea Ko},
	Date-Added = {2019-07-03 21:32:51 +0800},
	Date-Modified = {2019-07-03 21:32:51 +0800},
	Issn = {0923-5965},
	Journal = {Signal Processing: Image Communication},
	Keywords = {Digital image forensics, Contrast enhancement, Convolutional neural networks, Deep learning, Gray level co-occurrence matrix},
	Pages = {149 - 160},
	Title = {A novel contrast enhancement forensics based on convolutional neural networks},
	Volume = {63},
	Year = {2018}}

@article{MEHRISH201830,
	Author = {Ambuj Mehrish and A.V. Subramanyam and Sabu Emmanuel},
	Date-Added = {2019-07-03 21:32:51 +0800},
	Date-Modified = {2019-07-03 21:32:51 +0800},
	Issn = {0923-5965},
	Journal = {Signal Processing: Image Communication},
	Keywords = {Multimedia forensics, Source camera identification, PhoTo Response Non Uniformity (PRNU), MLE, Tamper localization},
	Pages = {30 - 41},
	Title = {Robust PRNU estimation from probabilistic raw measurements},
	Volume = {66},
	Year = {2018}}

@article{RN1,
	Author = {Carvalho, T. and Faria, F. A. and Pedrini, H. and Torres, R. da S. and Rocha, A.},
	Date-Added = {2019-07-03 21:32:51 +0800},
	Date-Modified = {2019-07-03 21:32:51 +0800},
	Doi = {10.1109/TIFS.2015.2506548},
	Issn = {1556-6013},
	Journal = {IEEE Transactions on Information Forensics and Security},
	Number = {4},
	Pages = {720-733},
	Title = {Illuminant-Based Transformed Spaces for Image Forensics},
	Type = {Journal Article},
	Volume = {11},
	Year = {2016},
	Bdsk-Url-1 = {https://doi.org/10.1109/TIFS.2015.2506548}}

@article{RN10,
	Author = {Cao, G. and Zhao, Y. and Ni, R. and Li, X.},
	Date-Added = {2019-07-03 21:32:51 +0800},
	Date-Modified = {2019-07-03 21:32:51 +0800},
	Doi = {10.1109/TIFS.2014.2300937},
	Issn = {1556-6013},
	Journal = {IEEE Transactions on Information Forensics and Security},
	Number = {3},
	Pages = {515-525},
	Title = {Contrast Enhancement-Based Forensics in Digital Images},
	Type = {Journal Article},
	Volume = {9},
	Year = {2014},
	Bdsk-Url-1 = {https://doi.org/10.1109/TIFS.2014.2300937}}

@article{RN113,
	Author = {Chierchia, G. and Poggi, G. and Sansone, C. and Verdoliva, L.},
	Date-Added = {2019-07-03 21:32:51 +0800},
	Date-Modified = {2019-07-03 21:32:51 +0800},
	Doi = {10.1109/TIFS.2014.2302078},
	Issn = {1556-6013},
	Journal = {Information Forensics and Security, IEEE Transactions on},
	Number = {4},
	Pages = {554-567},
	Title = {A Bayesian-MRF Approach for PRNU-Based Image Forgery Detection},
	Type = {Journal Article},
	Volume = {9},
	Year = {2014},
	Bdsk-Url-1 = {https://doi.org/10.1109/TIFS.2014.2302078}}

@inproceedings{RN114,
	Author = {Chen, Mo and Fridrich, Jessica and Goljan, Miroslav and Luk谩拧, Jan},
	Booktitle = {Electronic Imaging 2007},
	Date-Added = {2019-07-03 21:32:51 +0800},
	Date-Modified = {2019-07-03 21:32:51 +0800},
	Pages = {65051G-65051G-12},
	Publisher = {International Society for Optics and Photonics},
	Title = {Source digital camcorder identification using sensor photo response non-uniformity},
	Type = {Conference Proceedings}}

@inproceedings{RN117,
	Author = {Li, Chang-Tsun and Li, Yue},
	Booktitle = {Circuits and Systems (ISCAS), Proceedings of 2010 IEEE International Symposium on},
	Date-Added = {2019-07-03 21:32:51 +0800},
	Date-Modified = {2019-07-03 21:32:51 +0800},
	Isbn = {1424453089},
	Pages = {3052-3055},
	Publisher = {IEEE},
	Title = {Digital camera identification using colour-decoupled photo response non-uniformity noise pattern},
	Type = {Conference Proceedings}}

@article{RN127,
	Author = {Liu, C. and Szeliski, R. and Kang, S. Bing and Zitnick, C. L. and Freeman, W. T.},
	Date-Added = {2019-07-03 21:32:51 +0800},
	Date-Modified = {2019-07-03 21:32:51 +0800},
	Doi = {10.1109/TPAMI.2007.1176},
	Issn = {0162-8828},
	Journal = {IEEE Transactions on Pattern Analysis and Machine Intelligence},
	Number = {2},
	Pages = {299-314},
	Title = {Automatic Estimation and Removal of Noise from a Single Image},
	Type = {Journal Article},
	Volume = {30},
	Year = {2008},
	Bdsk-Url-1 = {https://doi.org/10.1109/TPAMI.2007.1176}}

@article{RN130,
	Author = {Pyatykh, S. and Hesser, J. and Zheng, L.},
	Date-Added = {2019-07-03 21:32:51 +0800},
	Date-Modified = {2019-07-03 21:32:51 +0800},
	Doi = {10.1109/TIP.2012.2221728},
	Issn = {1057-7149},
	Journal = {IEEE Transactions on Image Processing},
	Number = {2},
	Pages = {687-699},
	Title = {Image Noise Level Estimation by Principal Component Analysis},
	Type = {Journal Article},
	Volume = {22},
	Year = {2013},
	Bdsk-Url-1 = {https://doi.org/10.1109/TIP.2012.2221728}}

@inproceedings{RN131,
	Author = {Matzner, R. and Englberger, F.},
	Booktitle = {Information Theory, 1994. Proceedings., 1994 IEEE International Symposium on},
	Date-Added = {2019-07-03 21:32:51 +0800},
	Date-Modified = {2019-07-03 21:32:51 +0800},
	Doi = {10.1109/ISIT.1994.394869},
	Pages = {119},
	Title = {An SNR estimation algorithm using fourth-order moments},
	Type = {Conference Proceedings},
	Bdsk-Url-1 = {https://doi.org/10.1109/ISIT.1994.394869}}

@article{RN132,
	Author = {Yang, J. and Gan, Z. and Wu, Z. and Hou, C.},
	Date-Added = {2019-07-03 21:32:51 +0800},
	Date-Modified = {2019-07-03 21:32:51 +0800},
	Doi = {10.1109/TIP.2015.2405417},
	Issn = {1057-7149},
	Journal = {IEEE Transactions on Image Processing},
	Number = {5},
	Pages = {1561-1572},
	Title = {Estimation of Signal-Dependent Noise Level Function in Transform Domain via a Sparse Recovery Model},
	Type = {Journal Article},
	Volume = {24},
	Year = {2015},
	Bdsk-Url-1 = {https://doi.org/10.1109/TIP.2015.2405417}}

@article{RN133,
	Author = {Foi, A. and Trimeche, M. and Katkovnik, V. and Egiazarian, K.},
	Date-Added = {2019-07-03 21:32:51 +0800},
	Date-Modified = {2019-07-03 21:32:51 +0800},
	Doi = {10.1109/TIP.2008.2001399},
	Issn = {1057-7149},
	Journal = {IEEE Transactions on Image Processing},
	Number = {10},
	Pages = {1737-1754},
	Title = {Practical Poissonian-Gaussian Noise Modeling and Fitting for Single-Image Raw-Data},
	Type = {Journal Article},
	Volume = {17},
	Year = {2008},
	Bdsk-Url-1 = {https://doi.org/10.1109/TIP.2008.2001399}}

@article{RN135,
	Author = {Hashemi, M. and Beheshti, S.},
	Date-Added = {2019-07-03 21:32:51 +0800},
	Date-Modified = {2019-07-03 21:32:51 +0800},
	Doi = {10.1109/LSP.2009.2030856},
	Issn = {1070-9908},
	Journal = {IEEE Signal Processing Letters},
	Number = {1},
	Pages = {12-15},
	Title = {Adaptive Noise Variance Estimation in BayesShrink},
	Type = {Journal Article},
	Volume = {17},
	Year = {2010},
	Bdsk-Url-1 = {https://doi.org/10.1109/LSP.2009.2030856}}

@article{RN136,
	Author = {Rajwade, A. and Rangarajan, A. and Banerjee, A.},
	Date-Added = {2019-07-03 21:32:51 +0800},
	Date-Modified = {2019-07-03 21:32:51 +0800},
	Doi = {10.1109/TPAMI.2012.140},
	Issn = {0162-8828},
	Journal = {IEEE Transactions on Pattern Analysis and Machine Intelligence},
	Number = {4},
	Pages = {849-862},
	Title = {Image Denoising Using the Higher Order Singular Value Decomposition},
	Type = {Journal Article},
	Volume = {35},
	Year = {2013},
	Bdsk-Url-1 = {https://doi.org/10.1109/TPAMI.2012.140}}

@inproceedings{RN137,
  title={Detecting image splicing using geometry invariants and camera characteristics consistency},
  author={Hsu, Yu-Feng and Chang, Shih-Fu},
  booktitle={2006 IEEE International Conference on Multimedia and Expo},
  pages={549--552},
  year={2006},
  organization={IEEE}
}

@article{RN15,
	Author = {Fan, J. and Cao, H. and Kot, A. C.},
	Date-Added = {2019-07-03 21:32:51 +0800},
	Date-Modified = {2019-07-03 21:32:51 +0800},
	Doi = {10.1109/TIFS.2013.2249064},
	Issn = {1556-6013},
	Journal = {IEEE Transactions on Information Forensics and Security},
	Number = {4},
	Pages = {608-618},
	Title = {Estimating EXIF Parameters Based on Noise Features for Image Manipulation Detection},
	Type = {Journal Article},
	Volume = {8},
	Year = {2013},
	Bdsk-Url-1 = {https://doi.org/10.1109/TIFS.2013.2249064}}

@article{RN16,
	Author = {Carvalho, T. J. d. and Riess, C. and Angelopoulou, E. and Pedrini, H. and Rocha, A. d. R.},
	Date-Added = {2019-07-03 21:32:51 +0800},
	Date-Modified = {2019-07-03 21:32:51 +0800},
	Doi = {10.1109/TIFS.2013.2265677},
	Issn = {1556-6013},
	Journal = {IEEE Transactions on Information Forensics and Security},
	Number = {7},
	Pages = {1182-1194},
	Title = {Exposing Digital Image Forgeries by Illumination Color Classification},
	Type = {Journal Article},
	Volume = {8},
	Year = {2013},
	Bdsk-Url-1 = {https://doi.org/10.1109/TIFS.2013.2265677}}

@article{RN25,
	Author = {Lin, G. S. and Chang, M. K. and Chen, Y. L.},
	Date-Added = {2019-07-03 21:32:51 +0800},
	Date-Modified = {2019-07-03 21:32:51 +0800},
	Doi = {10.1109/TCSVT.2011.2125370},
	Issn = {1051-8215},
	Journal = {IEEE Transactions on Circuits and Systems for Video Technology},
	Number = {4},
	Pages = {421-434},
	Title = {A Passive-Blind Forgery Detection Scheme Based on Content-Adaptive Quantization Table Estimation},
	Type = {Journal Article},
	Volume = {21},
	Year = {2011},
	Bdsk-Url-1 = {https://doi.org/10.1109/TCSVT.2011.2125370}}

@article{RN27,
	Author = {Wei, W. and Wang, S. and Zhang, X. and Tang, Z.},
	Date-Added = {2019-07-03 21:32:51 +0800},
	Date-Modified = {2019-07-03 21:32:51 +0800},
	Doi = {10.1109/TIFS.2010.2051254},
	Issn = {1556-6013},
	Journal = {IEEE Transactions on Information Forensics and Security},
	Number = {3},
	Pages = {507-517},
	Title = {Estimation of Image Rotation Angle Using Interpolation-Related Spectral Signatures With Application to Blind Detection of Image Forgery},
	Type = {Journal Article},
	Volume = {5},
	Year = {2010},
	Bdsk-Url-1 = {https://doi.org/10.1109/TIFS.2010.2051254}}

@article{RN29,
	Author = {Junwen, W. and Guangjie, L. and Yuewe, D. and Zhiquan, W.},
	Date-Added = {2019-07-03 21:32:51 +0800},
	Date-Modified = {2019-07-03 21:32:51 +0800},
	Journal = {Journal of Systems Engineering and Electronics},
	Number = {5},
	Pages = {1096-1103},
	Title = {Detecting JPEG image forgery based on double compression},
	Type = {Journal Article},
	Volume = {20},
	Year = {2009}}

@article{RN34,
	Author = {Chen, M. and Fridrich, J. and Goljan, M. and Lukas, J.},
	Date-Added = {2019-07-03 21:32:51 +0800},
	Date-Modified = {2019-07-03 21:32:51 +0800},
	Doi = {10.1109/TIFS.2007.916285},
	Issn = {1556-6013},
	Journal = {IEEE Transactions on Information Forensics and Security},
	Number = {1},
	Pages = {74-90},
	Title = {Determining Image Origin and Integrity Using Sensor Noise},
	Type = {Journal Article},
	Volume = {3},
	Year = {2008},
	Bdsk-Url-1 = {https://doi.org/10.1109/TIFS.2007.916285}}

@article{RN37,
	Author = {Popescu, A. C. and Farid, H.},
	Date-Added = {2019-07-03 21:32:51 +0800},
	Date-Modified = {2019-07-03 21:32:51 +0800},
	Doi = {10.1109/TSP.2005.855406},
	Issn = {1053-587X},
	Journal = {IEEE Transactions on Signal Processing},
	Number = {10},
	Pages = {3948-3959},
	Title = {Exposing digital forgeries in color filter array interpolated images},
	Type = {Journal Article},
	Volume = {53},
	Year = {2005},
	Bdsk-Url-1 = {https://doi.org/10.1109/TSP.2005.855406}}

@article{RN38,
	Author = {Yu, Liyang and Han, Qi and Niu, Xiamu and Yiu, S. M. and Fang, Junbin and Zhang, Ye},
	Date-Added = {2019-07-03 21:32:51 +0800},
	Date-Modified = {2019-07-03 21:32:51 +0800},
	Doi = {http://dx.doi.org/10.1016/j.forsciint.2015.10.024},
	Issn = {0379-0738},
	Journal = {Forensic Science International},
	Pages = {200-209},
	Title = {An improved parameter estimation scheme for image modification detection based on DCT coefficient analysis},
	Type = {Journal Article},
	Volume = {259},
	Year = {2016},
	Bdsk-Url-1 = {http://dx.doi.org/10.1016/j.forsciint.2015.10.024}}

@article{RN40,
	Author = {Pun, Chi-Man and Liu, Bo and Yuan, Xiao-Chen},
	Date-Added = {2019-07-03 21:32:51 +0800},
	Date-Modified = {2019-07-03 21:32:51 +0800},
	Doi = {http://dx.doi.org/10.1016/j.jvcir.2016.03.005},
	Issn = {1047-3203},
	Journal = {Journal of Visual Communication and Image Representation},
	Pages = {195-206},
	Title = {Multi-scale noise estimation for image splicing forgery detection},
	Type = {Journal Article},
	Volume = {38},
	Year = {2016},
	Bdsk-Url-1 = {http://dx.doi.org/10.1016/j.jvcir.2016.03.005}}

@article{RN43,
	Author = {Hu, Wu-Chih and Dai, Jing-Siou and Jian, Jhih-Syuan},
	Date-Added = {2019-07-03 21:32:51 +0800},
	Date-Modified = {2019-07-03 21:32:51 +0800},
	Doi = {http://dx.doi.org/10.1016/j.dsp.2015.01.006},
	Issn = {1051-2004},
	Journal = {Digital Signal Processing},
	Pages = {50-62},
	Title = {Effective composite image detection method based on feature inconsistency of image components},
	Type = {Journal Article},
	Volume = {39},
	Year = {2015},
	Bdsk-Url-1 = {http://dx.doi.org/10.1016/j.dsp.2015.01.006}}

@article{RN46,
	Author = {Chang, Tang-You and Tai, Shen-Chuan and Lin, Guo-Shiang},
	Date-Added = {2019-07-03 21:32:51 +0800},
	Date-Modified = {2019-07-03 21:32:51 +0800},
	Doi = {http://dx.doi.org/10.1016/j.jvcir.2014.04.010},
	Issn = {1047-3203},
	Journal = {Journal of Visual Communication and Image Representation},
	Number = {6},
	Pages = {1289-1298},
	Title = {A passive multi-purpose scheme based on periodicity analysis of CFA artifacts for image forensics},
	Type = {Journal Article},
	Volume = {25},
	Year = {2014},
	Bdsk-Url-1 = {http://dx.doi.org/10.1016/j.jvcir.2014.04.010}}

@article{RN47,
	Author = {Choi, Chang-Hee and Lee, Hae-Yeoun and Lee, Heung-Kyu},
	Date-Added = {2019-07-03 21:32:51 +0800},
	Date-Modified = {2019-07-03 21:53:11 +0800},
	Doi = {http://dx.doi.org/10.1016/j.forsciint.2012.12.014},
	Issn = {0379-0738},
	Journal = {Forensic Science International},
	Pages = {94-105},
	Title = {Estimation of color modification in digital images by CFA pattern change},
	Type = {Journal Article},
	Volume = {226},
	Year = {2013},
	Bdsk-Url-1 = {http://dx.doi.org/10.1016/j.forsciint.2012.12.014}}

@article{RN54,
	Author = {Liu, W. and Lin, W.},
	Date-Added = {2019-07-03 21:32:51 +0800},
	Date-Modified = {2019-07-03 21:32:51 +0800},
	Doi = {10.1109/TIP.2012.2219544},
	Issn = {1057-7149},
	Journal = {IEEE Transactions on Image Processing},
	Number = {3},
	Pages = {872-883},
	Title = {Additive White Gaussian Noise Level Estimation in SVD Domain for Images},
	Type = {Journal Article},
	Volume = {22},
	Year = {2013},
	Bdsk-Url-1 = {https://doi.org/10.1109/TIP.2012.2219544}}

@article{RN55,
	Author = {Zhao, Y. and Wang, S. and Zhang, X. and Yao, H.},
	Date-Added = {2019-07-03 21:32:51 +0800},
	Date-Modified = {2019-07-03 21:32:51 +0800},
	Doi = {10.1109/TIFS.2012.2223680},
	Issn = {1556-6013},
	Journal = {IEEE Transactions on Information Forensics and Security},
	Number = {1},
	Pages = {55-63},
	Title = {Robust Hashing for Image Authentication Using Zernike Moments and Local Features},
	Type = {Journal Article},
	Volume = {8},
	Year = {2013},
	Bdsk-Url-1 = {https://doi.org/10.1109/TIFS.2012.2223680}}

@article{RN56,
	Author = {Wang, X. and Pang, K. and Zhou, X. and Zhou, Y. and Li, L. and Xue, J.},
	Date-Added = {2019-07-03 21:32:51 +0800},
	Date-Modified = {2019-07-03 21:32:51 +0800},
	Doi = {10.1109/TIFS.2015.2407698},
	Issn = {1556-6013},
	Journal = {IEEE Transactions on Information Forensics and Security},
	Number = {7},
	Pages = {1336-1349},
	Title = {A Visual Model-Based Perceptual Image Hash for Content Authentication},
	Type = {Journal Article},
	Volume = {10},
	Year = {2015},
	Bdsk-Url-1 = {https://doi.org/10.1109/TIFS.2015.2407698}}

@inproceedings{RN61,
  title={Statistical calibration of CCD imaging process},
  author={Tsin, Yanghai and Ramesh, Visvanathan and Kanade, Takeo},
  booktitle={Proceedings Eighth IEEE International Conference on Computer Vision. ICCV 2001},
  volume={1},
  pages={480--487},
  year={2001},
  organization={IEEE}
}

@article{RN80,
	Author = {Achanta, Radhakrishna and Shaji, Appu and Smith, Kevin and Lucchi, Aurelien and Fua, Pascal and Susstrunk, Sabine},
	Date-Added = {2019-07-03 21:32:51 +0800},
	Date-Modified = {2019-07-03 21:32:51 +0800},
	Issn = {0162-8828},
	Journal = {Pattern Analysis and Machine Intelligence, IEEE Transactions on},
	Number = {11},
	Pages = {2274-2282},
	Title = {SLIC superpixels compared to state-of-the-art superpixel methods},
	Type = {Journal Article},
	Volume = {34},
	Year = {2012}}

@article{Yao2016,
	Author = {Yao, Heng and Wang, Shuozhong and Zhang, Xinpeng and Qin, Chuan and Wang, Jinwei},
	Date-Added = {2019-07-03 21:32:51 +0800},
	Date-Modified = {2019-07-03 21:32:51 +0800},
	Doi = {10.1007/s11042-016-3660-3},
	Issn = {1573-7721},
	Journal = {Multimedia Tools and Applications},
	Pages = {1--23},
	Title = {Detecting Image Splicing Based on Noise Level Inconsistency},
	Year = {2016},
	Bdsk-Url-1 = {https://doi.org/10.1007/s11042-016-3660-3}}

@article{BM3D,
	Author = {K. Dabov and A. Foi and V. Katkovnik and K. Egiazarian},
	Date-Added = {2019-07-03 21:32:51 +0800},
	Date-Modified = {2019-07-03 21:32:51 +0800},
	Doi = {10.1109/TIP.2007.901238},
	Issn = {1057-7149},
	Journal = {IEEE Transactions on Image Processing},
	Month = {Aug},
	Number = {8},
	Pages = {2080-2095},
	Title = {Image Denoising by Sparse 3-D Transform-Domain Collaborative Filtering},
	Volume = {16},
	Year = {2007},
	Bdsk-Url-1 = {https://doi.org/10.1109/TIP.2007.901238}}

@article{wm01,
	Author = {Ching-Yung Lin and Shih-Fu Chang},
	Date-Added = {2019-07-03 21:32:51 +0800},
	Date-Modified = {2019-07-03 21:32:51 +0800},
	Doi = {10.1109/76.905982},
	Issn = {1051-8215},
	Journal = {IEEE Transactions on Circuits and Systems for Video Technology},
	Month = {Feb},
	Number = {2},
	Pages = {153-168},
	Title = {A robust image authentication method distinguishing JPEG compression from 	malicious manipulation},
	Volume = {11},
	Year = {2001},
	Bdsk-Url-1 = {https://doi.org/10.1109/76.905982}}

@article{hue16,
	Author = {J. U. Hou and H. K. Lee},
	Date-Added = {2019-07-03 21:32:51 +0800},
	Date-Modified = {2019-07-03 21:32:51 +0800},
	Doi = {10.1109/TCSVT.2016.2539828},
	Issn = {1051-8215},
	Journal = {IEEE Transactions on Circuits and Systems for Video Technology},
	Number = {99},
	Pages = {1-1},
	Title = {Detection of Hue Modification Using Photo Response Non-Uniformity},
	Volume = {PP},
	Year = {2016},
	Bdsk-Url-1 = {https://doi.org/10.1109/TCSVT.2016.2539828}}

@article{mrf15,
	Author = {X. Zhao and S. Wang and S. Li and J. Li},
	Date-Added = {2019-07-03 21:32:51 +0800},
	Date-Modified = {2019-07-03 21:32:51 +0800},
	Doi = {10.1109/TCSVT.2014.2347513},
	Issn = {1051-8215},
	Journal = {IEEE Transactions on Circuits and Systems for Video Technology},
	Month = {Feb},
	Number = {2},
	Pages = {185-199},
	Title = {Passive Image-Splicing Detection by a 2-D Noncausal Markov Model},
	Volume = {25},
	Year = {2015},
	Bdsk-Url-1 = {https://doi.org/10.1109/TCSVT.2014.2347513}}

@inproceedings{rao16,
	Author = {Y. Rao and J. Ni},
	Booktitle = {2016 IEEE International Workshop on Information Forensics and Security (WIFS)},
	Date-Added = {2019-07-03 21:32:51 +0800},
	Date-Modified = {2019-07-03 21:32:51 +0800},
	Doi = {10.1109/WIFS.2016.7823911},
	Month = {Dec},
	Pages = {1-6},
	Title = {A deep learning approach to detection of splicing and copy-move forgeries in images},
	Year = {2016},
	Bdsk-Url-1 = {https://doi.org/10.1109/WIFS.2016.7823911}}

@inbook{zhang16,
	Address = {Singapore},
	Author = {Zhang, Jing and Zhu, Wenting and Li, Bing and Hu, Weiming and Yang, Jinfeng},
	Booktitle = {Pattern Recognition: 7th Chinese Conference, CCPR 2016, Chengdu, China, November 5-7, 2016, Proceedings, Part II},
	Date-Added = {2019-07-03 21:32:51 +0800},
	Date-Modified = {2019-07-03 21:32:51 +0800},
	Isbn = {978-981-10-3005-5},
	Pages = {111--121},
	Publisher = {Springer Singapore},
	Title = {Image Copy Detection Based on Convolutional Neural Networks},
	Year = {2016}}

@article{fcn,
	Author = {E. Shelhamer and J. Long and T. Darrell},
	Date-Added = {2019-07-03 21:32:51 +0800},
	Date-Modified = {2019-07-03 21:32:51 +0800},
	Doi = {10.1109/TPAMI.2016.2572683},
	Issn = {0162-8828},
	Journal = {IEEE Transactions on Pattern Analysis and Machine Intelligence},
	Month = {April},
	Number = {4},
	Pages = {640-651},
	Title = {Fully Convolutional Networks for Semantic Segmentation},
	Volume = {39},
	Year = {2017},
	Bdsk-Url-1 = {https://doi.org/10.1109/TPAMI.2016.2572683}}

@inproceedings{obj,
	Author = {Girshick, Ross and Donahue, Jeff and Darrell, Trevor and Malik, Jitendra},
	Booktitle = {Proceedings of the IEEE conference on computer vision and pattern recognition},
	Date-Added = {2019-07-03 21:32:51 +0800},
	Date-Modified = {2019-07-03 21:32:51 +0800},
	Pages = {580--587},
	Title = {Rich feature hierarchies for accurate object detection and semantic segmentation},
	Year = {2014}}

@inproceedings{database,
	Author = {Y.-F. Hsu and S.-F. Chang},
	Booktitle = {International Conference on Multimedia and Expo},
	Date-Added = {2019-07-03 21:32:51 +0800},
	Date-Modified = {2019-07-03 21:32:51 +0800},
	Location = {Toronto, Canada},
	Title = {Detecting Image Splicing Using Geometry Invariants and Camera Characteristics Consistency},
	Year = {2006}}

@inproceedings{recombinator,
	Author = {Honari, Sina and Yosinski, Jason and Vincent, Pascal and Pal, Christopher},
	Booktitle = {Proceedings of the IEEE Conference on Computer Vision and Pattern Recognition},
	Date-Added = {2019-07-03 21:32:51 +0800},
	Date-Modified = {2019-07-03 21:32:51 +0800},
	Pages = {5743--5752},
	Title = {Recombinator networks: Learning coarse-to-fine feature aggregation},
	Year = {2016}}

@article{parsenet,
	Author = {Liu, Wei and Rabinovich, Andrew and Berg, Alexander C},
	Date-Added = {2019-07-03 21:32:51 +0800},
	Date-Modified = {2019-07-03 21:32:51 +0800},
	Journal = {arXiv preprint arXiv:1506.04579},
	Title = {Parsenet: Looking wider to see better},
	Year = {2015}}

@article{pyfeature,
	Author = {Lin, Tsung-Yi and Doll{\'a}r, Piotr and Girshick, Ross and He, Kaiming and Hariharan, Bharath and Belongie, Serge},
	Date-Added = {2019-07-03 21:32:51 +0800},
	Date-Modified = {2019-07-03 21:32:51 +0800},
	Journal = {arXiv preprint arXiv:1612.03144},
	Title = {Feature pyramid networks for object detection},
	Year = {2016}}

@inproceedings{stacked,
	Author = {Newell, Alejandro and Yang, Kaiyu and Deng, Jia},
	Booktitle = {European Conference on Computer Vision},
	Date-Added = {2019-07-03 21:32:51 +0800},
	Date-Modified = {2019-07-03 21:32:51 +0800},
	Organization = {Springer},
	Pages = {483--499},
	Title = {Stacked hourglass networks for human pose estimation},
	Year = {2016}}

@inproceedings{twolights,
	Author = {Shi, Wu and Loy, Chen Change and Tang, Xiaoou},
	Booktitle = {European Conference on Computer Vision},
	Date-Added = {2019-07-03 21:32:51 +0800},
	Date-Modified = {2019-07-03 21:32:51 +0800},
	Organization = {Springer},
	Pages = {371--387},
	Title = {Deep specialized network for illuminant estimation},
	Year = {2016}}

@article{chen20178,
	Author = {Zhipeng Chen and Yao Zhao and Rongrong Ni},
	Date-Added = {2019-07-03 21:32:51 +0800},
	Date-Modified = {2019-07-03 21:32:51 +0800},
	Issn = {0923-5965},
	Journal = {Signal Processing: Image Communication},
	Keywords = {Digital forensics, Operation chain detection, JPEG compression, Resampling},
	Number = {Supplement C},
	Pages = {8 - 20},
	Title = {Detection of operation chain: JPEG-Resampling-JPEG},
	Volume = {57},
	Year = {2017}}

@article{MAHDIAN2010389,
	Author = {Babak Mahdian and Stanislav Saic},
	Date-Added = {2019-07-03 21:32:51 +0800},
	Date-Modified = {2019-07-03 21:32:51 +0800},
	Issn = {0923-5965},
	Journal = {Signal Processing: Image Communication},
	Keywords = {Image forensics, Digital forgery, Image tampering, Blind forgery detection, Multimedia security},
	Number = {6},
	Pages = {389 - 399},
	Title = {A bibliography on blind methods for identifying image forgery},
	Volume = {25},
	Year = {2010}}

@misc{casia2,
    author = {Phat Sovathana},
	Date-Added = {2019-07-03 21:32:51 +0800},
	Date-Modified = {2019-07-03 21:32:51 +0800},
	Howpublished = {\url{https://www.kaggle.com/sophatvathana/casia-dataset}},
	Note = {Accessed: 2019-07-04},
	Title = {CASIA TIDEv2.0}}

@inproceedings{hctheory,
author = {Lafferty, John and Mccallum, Andrew and Pereira, Fernando},
year = {2001},
month = {01},
pages = {282-289},
title = {Conditional Random Fields: Probabilistic Models for Segmenting and Labeling Sequence Data},
Booktitle = {Proceedings of the Eighteenth International Conference on Machine Learning}
}

@inproceedings{NOI3,
	Author = {Cozzolino, Davide and Poggi, Giovanni and Verdoliva, Luisa},
	Booktitle = {Information Forensics and Security (WIFS), 2015 IEEE International Workshop on},
	Date-Added = {2019-07-03 21:32:51 +0800},
	Date-Modified = {2019-07-03 21:32:51 +0800},
	Organization = {IEEE},
	Pages = {1--6},
	Title = {Splicebuster: A new blind image splicing detector},
	Year = {2015}}

@inproceedings{bayar2016deep,
	Author = {Bayar, Belhassen and Stamm, Matthew C},
	Booktitle = {Proceedings of the 4th ACM Workshop on Information Hiding and Multimedia Security},
	Date-Added = {2019-07-03 21:32:51 +0800},
	Date-Modified = {2019-07-03 21:32:51 +0800},
	Organization = {ACM},
	Pages = {5--10},
	Title = {A deep learning approach to universal image manipulation detection using a new convolutional layer},
	Year = {2016}}

@article{chen2017blind,
	Author = {Chen, Chenglong and Ni, Jiangqun and Shen, Zhaoyi and Shi, Yun Qing},
	Date-Added = {2019-07-03 21:32:51 +0800},
	Date-Modified = {2019-07-03 21:32:51 +0800},
	Journal = {IEEE Transactions on Image Processing},
	Number = {6},
	Pages = {2811--2824},
	Publisher = {IEEE},
	Title = {Blind forensics of successive geometric transformations in digital images using spectral method: theory and applications},
	Volume = {26},
	Year = {2017}}

@article{liu2017copy,
	Author = {Liu, Yaqi and Guan, Qingxiao and Zhao, Xianfeng},
	Date-Added = {2019-07-03 21:32:51 +0800},
	Date-Modified = {2019-07-03 21:32:51 +0800},
	Journal = {Multimedia Tools and Applications},
	Pages = {1--25},
	Publisher = {Springer},
	Title = {Copy-move forgery detection based on convolutional kernel network},
	Year = {2017}}

@inproceedings{bunk2017detection,
	Author = {Bunk, Jason and Bappy, Jawadul H and Mohammed, Tajuddin Manhar and Nataraj, Lakshmanan and Flenner, Arjuna and Manjunath, BS and Chandrasekaran, Shivkumar and Roy-Chowdhury, Amit K and Peterson, Lawrence},
	Booktitle = {Computer Vision and Pattern Recognition Workshops (CVPRW), 2017 IEEE Conference on},
	Date-Added = {2019-07-03 21:32:51 +0800},
	Date-Modified = {2019-07-03 21:32:51 +0800},
	Organization = {IEEE},
	Pages = {1881--1889},
	Title = {Detection and Localization of Image Forgeries using Resampling Features and Deep Learning},
	Year = {2017}}

@inproceedings{bappy2017exploiting,
	Author = {Bappy, Jawadul H and Roy-Chowdhury, Amit K and Bunk, Jason and Nataraj, Lakshmanan and Manjunath, BS},
	Booktitle = {Proceedings of the IEEE Conference on Computer Vision and Pattern Recognition},
	Date-Added = {2019-07-03 21:32:51 +0800},
	Date-Modified = {2019-07-03 21:32:51 +0800},
	Pages = {4970--4979},
	Title = {Exploiting Spatial Structure for Localizing Manipulated Image Regions},
	Year = {2017}}

@article{liu2017image,
	Author = {Liu, Yaqi and Guan, Qingxiao and Zhao, Xianfeng and Cao, Yun},
	Date-Added = {2019-07-03 21:32:51 +0800},
	Date-Modified = {2019-07-03 21:32:51 +0800},
	Journal = {arXiv preprint arXiv:1706.07842},
	Title = {Image Forgery Localization Based on Multi-Scale Convolutional Neural Networks},
	Year = {2017}}

@article{li2017image,
	Author = {Li, Haodong and Luo, Weiqi and Qiu, Xiaoqing and Huang, Jiwu},
	Date-Added = {2019-07-03 21:32:51 +0800},
	Date-Modified = {2019-07-03 21:32:51 +0800},
	Journal = {IEEE Transactions on Information Forensics and Security},
	Number = {5},
	Pages = {1240--1252},
	Publisher = {IEEE},
	Title = {Image forgery localization via integrating tampering possibility maps},
	Volume = {12},
	Year = {2017}}

@article{kim2017image,
	Author = {Kim, Dong-Hyun and Lee, Hae-Yeoun},
	Date-Added = {2019-07-03 21:32:51 +0800},
	Date-Modified = {2019-07-03 21:32:51 +0800},
	Journal = {International Journal of Applied Engineering Research},
	Number = {21},
	Pages = {11640--11646},
	Title = {Image Manipulation Detection using Convolutional Neural Network},
	Volume = {12},
	Year = {2017}}

@inproceedings{iuliani2015image,
	Author = {Iuliani, Massimo and Fabbri, Giovanni and Piva, Alessandro},
	Booktitle = {Information Forensics and Security (WIFS), 2015 IEEE International Workshop on},
	Date-Added = {2019-07-03 21:32:51 +0800},
	Date-Modified = {2019-07-03 21:32:51 +0800},
	Organization = {IEEE},
	Pages = {1--6},
	Title = {Image splicing detection based on general perspective constraints},
	Year = {2015}}

@inproceedings{cozzolino2017recasting,
	Author = {Cozzolino, Davide and Poggi, Giovanni and Verdoliva, Luisa},
	Booktitle = {Proceedings of the 5th ACM Workshop on Information Hiding and Multimedia Security},
	Date-Added = {2019-07-03 21:32:51 +0800},
	Date-Modified = {2019-07-03 21:32:51 +0800},
	Organization = {ACM},
	Pages = {159--164},
	Title = {Recasting residual-based local descriptors as convolutional neural networks: an application to image forgery detection},
	Year = {2017}}

@article{flenner2018resampling,
	Author = {Flenner, Arjuna and Peterson, Lawrence and Bunk, Jason and Mohammed, Tajuddin Manhar and Nataraj, Lakshmanan and Manjunath, BS},
	Date-Added = {2019-07-03 21:32:51 +0800},
	Date-Modified = {2019-07-03 21:32:51 +0800},
	Journal = {arXiv preprint arXiv:1803.01711},
	Title = {Resampling Forgery Detection Using Deep Learning and A-Contrario Analysis},
	Year = {2018}}

@inproceedings{cozzolino2016single,
	Author = {Cozzolino, Davide and Verdoliva, Luisa},
	Booktitle = {Information Forensics and Security (WIFS), 2016 IEEE International Workshop on},
	Date-Added = {2019-07-03 21:32:51 +0800},
	Date-Modified = {2019-07-03 21:32:51 +0800},
	Organization = {IEEE},
	Pages = {1--6},
	Title = {Single-image splicing localization through autoencoder-based anomaly detection},
	Year = {2016}}

@inproceedings{bondi2017tampering,
	Author = {Bondi, Luca and Lameri, Silvia and G{\"u}era, David and Bestagini, Paolo and Delp, Edward J and Tubaro, Stefano},
	Booktitle = {Proceedings of the IEEE Conference on Computer Vision and Pattern Recognition Workshops},
	Date-Added = {2019-07-03 21:32:51 +0800},
	Date-Modified = {2019-07-03 21:32:51 +0800},
	Pages = {1855--1864},
	Title = {Tampering Detection and Localization through Clustering of Camera-Based CNN Features},
	Year = {2017}}

@inproceedings{zhou2017two,
	Author = {Zhou, Peng and Han, Xintong and Morariu, Vlad I and Davis, Larry S},
	Booktitle = {2017 IEEE Conference on Computer Vision and Pattern Recognition Workshops (CVPRW). IEEE},
	Date-Added = {2019-07-03 21:32:51 +0800},
	Date-Modified = {2019-07-03 21:32:51 +0800},
	Pages = {1831--1839},
	Title = {Two-stream neural networks for tampered face detection},
	Year = {2017}}

@article{7113799,
	Author = {J. Chen and X. Kang and Y. Liu and Z. J. Wang},
	Date-Added = {2019-07-03 21:32:51 +0800},
	Date-Modified = {2019-07-03 21:32:51 +0800},
	Doi = {10.1109/LSP.2015.2438008},
	Issn = {1070-9908},
	Journal = {IEEE Signal Processing Letters},
	Keywords = {digital forensics;feature extraction;image classification;image coding;image filtering;image representation;median filters;neural nets;CNN framework;MFR;convolutional layers;convolutional neural networks;cut-and-paste forgery detection;feature extraction;hierarchical representation;image antiforensic techniques;image classification;image editing;image median filtering forensics algorithms;median filtering residual;pooling layers;small-size compressed image blocks;Convolution;Feature extraction;Filtering;Forensics;Image coding;Image edge detection;Kernel;Convolutional neural networks;deep learning;hierarchical representations;median filtering forensics},
	Month = {Nov},
	Number = {11},
	Pages = {1849-1853},
	Title = {Median Filtering Forensics Based on Convolutional Neural Networks},
	Volume = {22},
	Year = {2015},
	Bdsk-Url-1 = {https://doi.org/10.1109/LSP.2015.2438008}}

@inproceedings{ADQ2,
	Author = {Bianchi, Tiziano and De Rosa, Alessia and Piva, Alessandro},
	Booktitle = {Acoustics, Speech and Signal Processing (ICASSP), 2011 IEEE International Conference on},
	Date-Added = {2019-07-03 21:32:51 +0800},
	Date-Modified = {2019-07-03 21:32:51 +0800},
	Organization = {IEEE},
	Pages = {2444--2447},
	Title = {Improved DCT coefficient analysis for forgery localization in JPEG images},
	Year = {2011}}

@inproceedings{ADQ3,
	Author = {Amerini, Irene and Becarelli, Rudy and Caldelli, Roberto and Del Mastio, Andrea},
	Booktitle = {Information Forensics and Security (WIFS), 2014 IEEE International Workshop on},
	Date-Added = {2019-07-03 21:32:51 +0800},
	Date-Modified = {2019-07-03 21:32:51 +0800},
	Organization = {IEEE},
	Pages = {143--148},
	Title = {Splicing forgeries localization through the use of first digit features},
	Year = {2014}}

@article{BLK,
	Author = {Li, Weihai and Yuan, Yuan and Yu, Nenghai},
	Date-Added = {2019-07-03 21:32:51 +0800},
	Date-Modified = {2019-07-03 21:32:51 +0800},
	Journal = {Signal Processing},
	Number = {9},
	Pages = {1821--1829},
	Publisher = {Elsevier},
	Title = {Passive detection of doctored JPEG image via block artifact grid extraction},
	Volume = {89},
	Year = {2009}}

@inproceedings{DCT,
	Author = {Ye, Shuiming and Sun, Qibin and Chang, Ee-Chien},
	Booktitle = {Multimedia and Expo, 2007 IEEE International Conference on},
	Date-Added = {2019-07-03 21:32:51 +0800},
	Date-Modified = {2019-07-03 21:32:51 +0800},
	Organization = {IEEE},
	Pages = {12--15},
	Title = {Detecting digital image forgeries by measuring inconsistencies of blocking artifact},
	Year = {2007}}

@article{GHO,
	Author = {Farid, Hany},
	Date-Added = {2019-07-03 21:32:51 +0800},
	Date-Modified = {2019-07-03 21:32:51 +0800},
	Journal = {IEEE transactions on information forensics and security},
	Number = {1},
	Pages = {154--160},
	Publisher = {IEEE},
	Title = {Exposing digital forgeries from JPEG ghosts},
	Volume = {4},
	Year = {2009}}

@article{ELA,
	Author = {Krawetz, Neal and Solutions, Hacker Factor},
	Date-Added = {2019-07-03 21:32:51 +0800},
	Date-Modified = {2019-07-03 21:32:51 +0800},
	Journal = {Hacker Factor Solutions},
	Pages = {1--31},
	Title = {A Picture's Worth...},
	Year = {2007}}

@article{RN36,
	Author = {Popescu, A. C. and Farid, H.},
	Date-Added = {2019-07-03 21:32:51 +0800},
	Date-Modified = {2019-07-03 21:32:51 +0800},
	Doi = {10.1109/TSP.2004.839932},
	Issn = {1053-587X},
	Journal = {IEEE Transactions on Signal Processing},
	Number = {2},
	Pages = {758-767},
	Title = {Exposing digital forgeries by detecting traces of resampling},
	Type = {Journal Article},
	Volume = {53},
	Year = {2005},
	Bdsk-Url-1 = {https://doi.org/10.1109/TSP.2004.839932}}

@article{RN33,
	Author = {Mahdian, B. and Saic, S.},
	Date-Added = {2019-07-03 21:32:51 +0800},
	Date-Modified = {2019-07-03 21:32:51 +0800},
	Doi = {10.1109/TIFS.2004.924603},
	Issn = {1556-6013},
	Journal = {IEEE Transactions on Information Forensics and Security},
	Number = {3},
	Pages = {529-538},
	Title = {Blind Authentication Using Periodic Properties of Interpolation},
	Type = {Journal Article},
	Volume = {3},
	Year = {2008},
	Bdsk-Url-1 = {https://doi.org/10.1109/TIFS.2004.924603}}

@article{RN35,
	Author = {Johnson, M. K. and Farid, H.},
	Date-Added = {2019-07-03 21:32:51 +0800},
	Date-Modified = {2019-07-03 21:32:51 +0800},
	Doi = {10.1109/TIFS.2007.903848},
	Issn = {1556-6013},
	Journal = {IEEE Transactions on Information Forensics and Security},
	Number = {3},
	Pages = {450-461},
	Title = {Exposing Digital Forgeries in Complex Lighting Environments},
	Type = {Journal Article},
	Volume = {2},
	Year = {2007},
	Bdsk-Url-1 = {https://doi.org/10.1109/TIFS.2007.903848}}

@article{RN59,
	Author = {Podilchuk, C. I. and Delp, E. J.},
	Date-Added = {2019-07-03 21:32:51 +0800},
	Date-Modified = {2019-07-03 21:32:51 +0800},
	Doi = {10.1109/79.939835},
	Issn = {1053-5888},
	Journal = {IEEE Signal Processing Magazine},
	Number = {4},
	Pages = {33-46},
	Title = {Digital watermarking: algorithms and applications},
	Type = {Journal Article},
	Volume = {18},
	Year = {2001},
	Bdsk-Url-1 = {https://doi.org/10.1109/79.939835}}

@inproceedings{hsu2008,
	Author = {Y. F. Hsu and S. F. Chang},
	Booktitle = {2008 42nd Asilomar Conference on Signals, Systems and Computers},
	Date-Added = {2019-07-03 21:32:51 +0800},
	Date-Modified = {2019-07-03 21:32:51 +0800},
	Doi = {10.1109/ACSSC.2008.5074646},
	Issn = {1058-6393},
	Keywords = {image fusion;quantisation (signal);statistical analysis;camera response function;cue fusion;discriminative random fields;double quantization artifacts;forgery detection;image forensic research;image tampering detection;statistical fusion;tampering artifact modeling;Acoustic noise;Detectors;Face detection;Forgery;Image analysis;Object detection;Quantization;Robustness;Splicing;Transform coding},
	Month = {Oct},
	Pages = {1386-1390},
	Title = {Statistical fusion of multiple cues for image tampering detection},
	Year = {2008},
	Bdsk-Url-1 = {https://doi.org/10.1109/ACSSC.2008.5074646}}

@inproceedings{cozzo2014,
	Author = {D. Cozzolino and D. Gragnaniello and L. Verdoliva},
	Booktitle = {2014 IEEE International Conference on Image Processing (ICIP)},
	Date-Added = {2019-07-03 21:32:51 +0800},
	Date-Modified = {2019-07-03 21:32:51 +0800},
	Doi = {10.1109/ICIP.2014.7026073},
	Issn = {1522-4880},
	Keywords = {cameras;digital forensics;image fusion;learning (artificial intelligence);IEEE Information Forensics and Security Technical Committee;PatchMatch algorithm;block-matching;camera fingerprint estimation;camera identification;camera-based techniques;decision fusion;feature-based techniques;forgery detection;image forensics challenge;image forgery localization;machine-learning;pixel-based techniques;sensor noise;Cameras;Correlation;Forensics;Forgery;Noise;Reliability;Training;Digital forensics;forgery detection;forgery localization;machine learning;sensor noise},
	Month = {Oct},
	Pages = {5302-5306},
	Title = {Image forgery localization through the fusion of camera-based, feature-based and pixel-based techniques},
	Year = {2014},
	Bdsk-Url-1 = {https://doi.org/10.1109/ICIP.2014.7026073}}

@article{korus2016,
	Author = {P. Korus and J. Huang},
	Date-Added = {2019-07-03 21:32:51 +0800},
	Date-Modified = {2019-07-03 21:32:51 +0800},
	Doi = {10.1109/TIP.2016.2518870},
	Issn = {1057-7149},
	Journal = {IEEE Transactions on Image Processing},
	Keywords = {data protection;digital forensics;digital photography;image fusion;digital images;forensic detector;improved localization;localization resolution;malicious tampering;multiscale analysis;multiscale fusion;passive image authentication;sliding window based analysis;Authentication;Detectors;Digital images;Forensics;Image coding;Reliability;Transform coding;Digital image forensics;Markov random fields;digital image forensics;energy minimization;first-digit-features;multi-scale analysis;result fusion;tampering localization},
	Month = {March},
	Number = {3},
	Pages = {1312-1326},
	Title = {Multi-Scale Fusion for Improved Localization of Malicious Tampering in Digital Images},
	Volume = {25},
	Year = {2016},
	Bdsk-Url-1 = {https://doi.org/10.1109/TIP.2016.2518870}}

@article{fontani2013,
	Author = {M. Fontani and T. Bianchi and A. De Rosa and A. Piva and M. Barni},
	Date-Added = {2019-07-03 21:32:51 +0800},
	Date-Modified = {2019-07-03 21:32:51 +0800},
	Doi = {10.1109/TIFS.2013.2248727},
	Issn = {1556-6013},
	Journal = {IEEE Transactions on Information Forensics and Security},
	Keywords = {Bayes methods;image forensics;inference mechanisms;support vector machines;uncertainty handling;Dempster-Shafer theory;SVM;classical Bayesian approach;decision fusion framework;decision fusion strategy;image authenticity;image forensics;logical disjunction;Cancer;Feature extraction;Forensics;Forgery;Reliability;Training;Decision fusion;Dempster--Shafer;forgery detection;image forensics;image integrity;image tampering},
	Month = {April},
	Number = {4},
	Pages = {593-607},
	Title = {A Framework for Decision Fusion in Image Forensics Based on Dempster--Shafer Theory of Evidence},
	Volume = {8},
	Year = {2013},
	Bdsk-Url-1 = {https://doi.org/10.1109/TIFS.2013.2248727}}

@article{saliency,
	Author = {G. Li and Y. Yu},
	Date-Added = {2019-07-03 21:32:51 +0800},
	Date-Modified = {2019-07-03 21:32:51 +0800},
	Doi = {10.1109/TIP.2016.2602079},
	Issn = {1057-7149},
	Journal = {IEEE Transactions on Image Processing},
	Keywords = {feature extraction;image recognition;neural nets;vectors;DUT-OMRON data set;HKU-IS;computer vision;convolutional neural network;discriminative high-level feature vector;multiscale deep CNN feature extraction;visual recognition;visual saliency detection model;Biological neural networks;Computational modeling;Feature extraction;Image color analysis;Semantics;Visualization;Convolutional neural networks;deep contrast feature;saliency detection},
	Month = {Nov},
	Number = {11},
	Pages = {5012-5024},
	Title = {Visual Saliency Detection Based on Multiscale Deep CNN Features},
	Volume = {25},
	Year = {2016},
	Bdsk-Url-1 = {https://doi.org/10.1109/TIP.2016.2602079}}

@article{segmentation,
	Author = {R. Girshick and J. Donahue and T. Darrell and J. Malik},
	Date-Added = {2019-07-03 21:32:51 +0800},
	Date-Modified = {2019-07-03 21:32:51 +0800},
	Doi = {10.1109/TPAMI.2015.2437384},
	Issn = {0162-8828},
	Journal = {IEEE Transactions on Pattern Analysis and Machine Intelligence},
	Keywords = {convolutional codes;image coding;image segmentation;object detection;source coding;canonical PASCAL VOC Challenge datasets;high-capacity convolutional networks;mAP;mean average precision;object detection;object segmentation;region-based convolutional networks;source code;Detectors;Feature extraction;Image segmentation;Object detection;Proposals;Support vector machines;Training;Object recognition;convolutional networks;deep learning;detection;semantic segmentation;transfer learning},
	Month = {Jan},
	Number = {1},
	Pages = {142-158},
	Title = {Region-Based Convolutional Networks for Accurate Object Detection and Segmentation},
	Volume = {38},
	Year = {2016},
	Bdsk-Url-1 = {https://doi.org/10.1109/TPAMI.2015.2437384}}

@inproceedings{depth,
	Author = {Liu, Fayao and Shen, Chunhua and Lin, Guosheng},
	Booktitle = {Proceedings of the IEEE Conference on Computer Vision and Pattern Recognition},
	Date-Added = {2019-07-03 21:32:51 +0800},
	Date-Modified = {2019-07-03 21:32:51 +0800},
	Pages = {5162--5170},
	Title = {Deep convolutional neural fields for depth estimation from a single image},
	Year = {2015}}

@misc{voc2012,
	Author = {Everingham, M. and Van~Gool, L. and Williams, C. K. I. and Winn, J. and Zisserman, A.},
	Date-Added = {2019-07-03 21:32:51 +0800},
	Date-Modified = {2019-07-03 21:32:51 +0800},
	Howpublished = {http://www.pascal-network.org/challenges/VOC/voc2012/workshop/index.html},
	Title = {The {PASCAL} {V}isual {O}bject {C}lasses {C}hallenge 2012 {(VOC2012)} {R}esults}}

@article{CFA1,
	Author = {Ferrara, Pasquale and Bianchi, Tiziano and De Rosa, Alessia and Piva, Alessandro},
	Date-Added = {2019-07-03 21:32:51 +0800},
	Date-Modified = {2019-07-03 21:32:51 +0800},
	Journal = {IEEE Transactions on Information Forensics and Security},
	Number = {5},
	Pages = {1566--1577},
	Publisher = {IEEE},
	Title = {Image forgery localization via fine-grained analysis of CFA artifacts},
	Volume = {7},
	Year = {2012}}
